@article{hyvarinen2000,
  title={Independent component analysis: algorithms and applications},
  author={Hyv{\"a}rinen, Aapo and Oja, Erkki},
  journal={Neural networks},
  volume={13},
  number={4},
  pages={411--430},
  year={2000},
  publisher={Elsevier}
}

@article{cardoso2003,
  title={Dependence, correlation and gaussianity in independent component analysis},
  author={Cardoso, Jean-Fran{\c{c}}ois},
  journal={The Journal of Machine Learning Research},
  volume={4},
  pages={1177--1203},
  year={2003},
  publisher={JMLR. org}
}

@article{bach2003kernel,
	title={Kernel independent component analysis},
	author={Bach, Francis R and Jordan, Michael I},
	journal={The Journal of Machine Learning Research},
	volume={3},
	pages={1--48},
	year={2003},
	publisher={JMLR. org}
}

@article{comon1994independent,
	title={Independent component analysis, a new concept?},
	author={Comon, Pierre},
	journal={Signal processing},
	volume={36},
	number={3},
	pages={287--314},
	year={1994},
	publisher={Elsevier}
}

@article{amari1996new,
	title={A new learning algorithm for blind signal separation},
	author={Amari, Shun-ichi and Cichocki, Andrzej and Yang, Howard Hua and others},
	journal={Advances in neural information processing systems},
	pages={757--763},
	year={1996},
	publisher={Citeseer}
}
@article{cardoso1997infomax,
	title={Infomax and maximum likelihood for blind source separation},
	author={Cardoso, Jean-Francois},
	year={1997},
	publisher={Citeseer}
}

@article{jutten1991blind,
	title={Blind separation of sources, part I: An adaptive algorithm based on neuromimetic architecture},
	author={Jutten, Christian and Herault, Jeanny},
	journal={Signal processing},
	volume={24},
	number={1},
	pages={1--10},
	year={1991},
	publisher={Elsevier}
}
